<?xml version="1.0" encoding="UTF-8"?><record xmlns="http://www.loc.gov/MARC21/slim" xmlns:cinclude="http://apache.org/cocoon/include/1.0" xmlns:zs="http://www.loc.gov/zing/srw/">
  <leader>00360nz  a2200133n  4500</leader>
  <controlfield tag="001">no 96028108 </controlfield>
  <controlfield tag="003">DLC</controlfield>
  <controlfield tag="005">19960601051503.8</controlfield>
  <controlfield tag="008">960531n| acannaab|          |n aaa     c</controlfield>
  <datafield tag="010" ind1=" " ind2=" ">
    <subfield code="a">no 96028108 </subfield>
  </datafield>
  <datafield tag="035" ind1=" " ind2=" ">
    <subfield code="a">(OCoLC)oca04089732 </subfield>
  </datafield>
  <datafield tag="040" ind1=" " ind2=" ">
    <subfield code="a">NcU-H</subfield>
    <subfield code="c">NcU-H</subfield>
  </datafield>
  <datafield tag="100" ind1="1" ind2="0">
    <subfield code="a">Kehrer, Beat</subfield>
  </datafield>
  <datafield tag="670" ind1=" " ind2=" ">
    <subfield code="a">Long term treatment in cleft lip and palate, c1981:</subfield>
    <subfield code="b">t.p. (Beat Kehrer)</subfield>
  </datafield>
</record>